
@article{rosseel2012,
	title = {{{lavaan}}: An {\emph{R}} Package for Structural Equation Modeling},
	author = {Rosseel, Yves},
	year = {2012},
	date = {2012},
	journal = {Journal of Statistical Software},
	volume = {48},
	number = {2},
	doi = {10.18637/jss.v048.i02},
	url = {http://www.jstatsoft.org/v48/i02/},
	langid = {en}
}
