@article{maydeu2005limited,
  title={Limited-and full-information estimation and goodness-of-fit testing in 2 n contingency tables: A unified framework},
  author={{Maydeu-Olivares}, Alberto and Joe, Harry},
  journal={Journal of the American Statistical Association},
  volume={100},
  number={471},
  pages={1009--1020},
  year={2005},
  publisher={Taylor \& Francis}
}

@article{maydeu2006limited,
  title={Limited information goodness-of-fit testing in multidimensional contingency tables},
  author={{Maydeu-Olivares}, Alberto and Joe, Harry},
  journal={Psychometrika},
  volume={71},
  number={4},
  pages={713},
  year={2006},
  publisher={Springer Nature BV}
}

@article{maydeu2008overview,
  title={An overview of limited information goodness-of-fit testing in multidimensional contingency tables},
  author={{Maydeu-Olivares}, Alberto and Joe, Harry},
  journal={New trends in psychometrics},
  pages={253--262},
  year={2008},
  publisher={Universal Academy Press Tokyo}
}

@book{agresti2012categorical,
  title={Categorical data analysis},
  author={Agresti, Alan},
  volume={792},
  year={2012},
  publisher={John Wiley \& Sons}
}

@article{reiser1996analysis,
  title={Analysis of residuals for the multionmial item response model},
  author={Reiser, Mark},
  journal={Psychometrika},
  volume={61},
  pages={509--528},
  year={1996},
  publisher={Springer}
}

@article{bartholomew2002goodness,
  title={A goodness of fit test for sparse 2p contingency tables},
  author={Bartholomew, David J and Leung, Shing On},
  journal={British journal of mathematical and statistical psychology},
  volume={55},
  number={1},
  pages={1--15},
  year={2002},
  publisher={Wiley Online Library}
}

@book{mathai1992quadratic,
  title={Quadratic forms in random variables: theory and applications},
  author={Mathai, Arakaparampil M and Provost, Serge B},
  year={1992},
  publisher={Dekker}
}

@article{heo2014empirical,
  title={Empirical analysis on Rao-Scott first order adjustment for two population homogeneity test based on stratified three-stage cluster sampling with pps},
  author={Heo, Sunyeong},
  journal={Journal of the Chosun Natural Science},
  volume={7},
  number={3},
  pages={208--213},
  year={2014},
  publisher={The Basic Science Institute Chosun University}
}

@inproceedings{rao1979chi,
  title={Chi-squared tests for analysis of categorical data from complex surveys},
  author={Rao, Jon N K and Scott, AJ},
  booktitle={Proceedings of the American statistical association, section on survey research methods},
  pages={58--66},
  year={1979}
}

@article{rao1981analysis,
  title={The analysis of categorical data from complex sample surveys: chi-squared tests for goodness of fit and independence in two-way tables},
  author={Rao, Jon N K and Scott, Alastair J},
  journal={Journal of the American statistical association},
  volume={76},
  number={374},
  pages={221--230},
  year={1981},
  publisher={Taylor \& Francis}
}

@article{rao1984chi,
  title={On chi-squared tests for multiway contingency tables with cell proportions estimated from survey data},
  author={Rao, Jon N K and Scott, Alistair J},
  journal={The Annals of statistics},
  pages={46--60},
  year={1984},
  publisher={JSTOR}
}

@book{fuller2009introduction,
  title={Introduction to statistical time series},
  author={Fuller, Wayne A},
  year={2009},
  publisher={John Wiley \& Sons}
}

@article{katsikatsou2012pairwise,
  title={Pairwise likelihood estimation for factor analysis models with ordinal data},
  author={Katsikatsou, Myrsini and Moustaki, Irini and Yang-Wallentin, Fan and J{\"o}reskog, Karl G},
  journal={Computational Statistics \& Data Analysis},
  volume={56},
  number={12},
  pages={4243--4258},
  year={2012},
  publisher={Elsevier}
}